
@article{broken2023
  title = {Missing comma and brace
  author = {No Closing Quote},
  year = 2023,
  journal = Unquoted Journal Name
}

@inproceedings{another-broken,
  title = "Unmatched quotes',
  author = {Unclosed {brace},
  year = {not a number},
  booktitle = ,  # Empty value
}

% This entry has no closing brace
@book{incomplete
  title = {Never Ends}
